{
  "MonthlySales": [
    { "Date": "2025-08-30", "Sales": 179584, "Profit": 35300 },
    { "Date": "2025-08-31", "Sales": 181117, "Profit": 42100 },
    { "Date": "2025-09-01", "Sales": 181173, "Profit": 40700 },
    { "Date": "2025-09-02", "Sales": 180328, "Profit": 35200 },
    { "Date": "2025-09-03", "Sales": 181904, "Profit": 43800 },
    { "Date": "2025-09-04", "Sales": 183221, "Profit": 33100 },
    { "Date": "2025-09-05", "Sales": 182535, "Profit": 35000 },
    { "Date": "2025-09-06", "Sales": 182708, "Profit": 37500 },
    { "Date": "2025-09-07", "Sales": 185160, "Profit": 34300 },
    { "Date": "2025-09-08", "Sales": 184967, "Profit": 33400 },
    { "Date": "2025-09-09", "Sales": 186040, "Profit": 42900 },
    { "Date": "2025-09-10", "Sales": 186059, "Profit": 41900 },
    { "Date": "2025-09-11", "Sales": 187751, "Profit": 33400 },
    { "Date": "2025-09-12", "Sales": 189138, "Profit": 38900 },
    { "Date": "2025-09-13", "Sales": 187945, "Profit": 43200 },
    { "Date": "2025-09-14", "Sales": 188750, "Profit": 35800 },
    { "Date": "2025-09-15", "Sales": 188295, "Profit": 38200 },
    { "Date": "2025-09-16", "Sales": 187969, "Profit": 42300 },
    { "Date": "2025-09-17", "Sales": 188881, "Profit": 35800 },
    { "Date": "2025-09-18", "Sales": 187862, "Profit": 36100 },
    { "Date": "2025-09-19", "Sales": 189446, "Profit": 41200 },
    { "Date": "2025-09-20", "Sales": 191496, "Profit": 44800 },
    { "Date": "2025-09-21", "Sales": 191052, "Profit": 36200 },
    { "Date": "2025-09-22", "Sales": 191503, "Profit": 40800 },
    { "Date": "2025-09-23", "Sales": 191517, "Profit": 38200 },
    { "Date": "2025-09-24", "Sales": 192407, "Profit": 39300 },
    { "Date": "2025-09-25", "Sales": 193673, "Profit": 36700 },
    { "Date": "2025-09-26", "Sales": 192236, "Profit": 40000 },
    { "Date": "2025-09-27", "Sales": 192763, "Profit": 35400 },
    { "Date": "2025-09-28", "Sales": 191824, "Profit": 36600 },
    { "Date": "2025-09-29", "Sales": 191534, "Profit": 45600 },
    { "Date": "2025-09-30", "Sales": 192537, "Profit": 43000 },
    { "Date": "2025-10-01", "Sales": 192487, "Profit": 43400 },
    { "Date": "2025-10-02", "Sales": 192985, "Profit": 40800 },
    { "Date": "2025-10-03", "Sales": 194380, "Profit": 40600 },
    { "Date": "2025-10-04", "Sales": 194534, "Profit": 35300 },
    { "Date": "2025-10-05", "Sales": 194617, "Profit": 46400 },
    { "Date": "2025-10-06", "Sales": 193089, "Profit": 42000 },
    { "Date": "2025-10-07", "Sales": 195496, "Profit": 43900 },
    { "Date": "2025-10-08", "Sales": 197170, "Profit": 43200 },
    { "Date": "2025-10-09", "Sales": 197243, "Profit": 39300 },
    { "Date": "2025-10-10", "Sales": 196357, "Profit": 43300 },
    { "Date": "2025-10-11", "Sales": 197017, "Profit": 42000 },
    { "Date": "2025-10-12", "Sales": 195598, "Profit": 36200 },
    { "Date": "2025-10-13", "Sales": 195693, "Profit": 45100 },
    { "Date": "2025-10-14", "Sales": 197063, "Profit": 45800 },
    { "Date": "2025-10-15", "Sales": 198398, "Profit": 39400 },
    { "Date": "2025-10-16", "Sales": 197969, "Profit": 35700 },
    { "Date": "2025-10-17", "Sales": 200124, "Profit": 42400 },
    { "Date": "2025-10-18", "Sales": 201332, "Profit": 45900 },
    { "Date": "2025-10-19", "Sales": 200997, "Profit": 41800 },
    { "Date": "2025-10-20", "Sales": 203083, "Profit": 42400 },
    { "Date": "2025-10-21", "Sales": 205256, "Profit": 49300 },
    { "Date": "2025-10-22", "Sales": 206018, "Profit": 43500 },
    { "Date": "2025-10-23", "Sales": 206433, "Profit": 41500 },
    { "Date": "2025-10-24", "Sales": 205635, "Profit": 39200 },
    { "Date": "2025-10-25", "Sales": 206973, "Profit": 42200 },
    { "Date": "2025-10-26", "Sales": 207481, "Profit": 40700 },
    { "Date": "2025-10-27", "Sales": 208114, "Profit": 49700 },
    { "Date": "2025-10-28", "Sales": 208401, "Profit": 42000 },
    { "Date": "2025-10-29", "Sales": 209391, "Profit": 50100 },
    { "Date": "2025-10-30", "Sales": 209813, "Profit": 48900 },
    { "Date": "2025-10-31", "Sales": 208842, "Profit": 47000 }
  ],

  "RegionSales": [
    { "Region": "Americas", "Sales": 210000 },
    { "Region": "EMEA", "Sales": 180000 },
    { "Region": "APJ", "Sales": 195000 },
    { "Region": "ANZ", "Sales": 130000 }
  ],

  "ProductShares": [
    { "Product": "Alpha", "Share": 1230 },
    { "Product": "Beta", "Share": 2000 },
    { "Product": "Gamma", "Share": 500 },
    { "Product": "Delta", "Share": 700 },
    { "Product": "Epsilon", "Share": 800 }
  ],

  "ProductRegionSales" : [
    { "Product": "Alpha", "Region": "Americas", "Sales": 1230 },
    { "Product": "Beta", "Region": "Americas", "Sales": 2000 },
    { "Product": "Gamma", "Region": "Americas", "Sales": 500 },
    { "Product": "Delta", "Region": "Americas", "Sales": 700 },
    { "Product": "Epsilon", "Region": "Americas", "Sales": 800 },
    { "Product": "Alpha", "Region": "EMEA", "Sales": 1330 },
    { "Product": "Beta", "Region": "EMEA", "Sales": 2300 },
    { "Product": "Gamma", "Region": "EMEA", "Sales": 800 },
    { "Product": "Delta", "Region": "EMEA", "Sales": 1000 },
    { "Product": "Epsilon", "Region": "EMEA", "Sales": 1100 },
    { "Product": "Alpha", "Region": "APJ", "Sales": 2230 },
    { "Product": "Beta", "Region": "APJ", "Sales": 2100 },
    { "Product": "Gamma", "Region": "APJ", "Sales": 1500 },
    { "Product": "Delta", "Region": "APJ", "Sales": 800 },
    { "Product": "Epsilon", "Region": "APJ", "Sales": 1400 },
    { "Product": "Alpha", "Region": "ANZ", "Sales": 1530 },
    { "Product": "Beta", "Region": "ANZ", "Sales": 1500 },
    { "Product": "Gamma", "Region": "ANZ", "Sales": 300 },
    { "Product": "Delta", "Region": "ANZ", "Sales": 700 },
    { "Product": "Epsilon", "Region": "ANZ", "Sales": 400 }
  ]
}
